<?xml version="1.0" encoding="UTF-8"?><collection xmlns="http://www.loc.gov/MARC21/slim"><record><leader>00446nam--2200169-u-4500</leader><controlfield tag="001">000051793</controlfield><controlfield tag="002">20161230</controlfield><controlfield tag="005">20161230201049</controlfield><controlfield tag="008">081022s1000------------r-----000-0-eng-d</controlfield><datafield ind1=" " ind2=" " tag="040"><subfield code="a">IFIN-HH</subfield></datafield><datafield ind1=" " ind2=" " tag="080"><subfield code="a">517.948</subfield></datafield><datafield ind1="1" ind2=" " tag="100"><subfield code="a">Filipov</subfield></datafield><datafield ind1="1" ind2="0" tag="245"><subfield code="a">simptoticheskie Metody v Teorii Differentsialnkh i Integro-Differentsialnykh Uravnenii</subfield></datafield><datafield ind1=" " ind2=" " tag="260"><subfield code="a">Tashchkent</subfield><subfield code="c">1974</subfield></datafield><datafield ind1=" " ind2=" " tag="300"><subfield code="a">216 p</subfield></datafield><datafield ind1=" " ind2=" " tag="852"><subfield code="a">42748</subfield><subfield code="c">517.9</subfield></datafield><datafield ind1=" " ind2=" " tag="CAT"><subfield code="a">Sys</subfield><subfield code="c">20081022</subfield><subfield code="h">070416</subfield></datafield></record></collection>